@misc{elhage2022toy,
      title={Toy Models of Superposition}, 
      author={Nelson Elhage and Tristan Hume and Catherine Olsson and Nicholas Schiefer and Tom Henighan and Shauna Kravec and Zac Hatfield-Dodds and Robert Lasenby and Dawn Drain and Carol Chen and Roger Grosse and Sam McCandlish and Jared Kaplan and Dario Amodei and Martin Wattenberg and Christopher Olah},
      year={2022},
      eprint={2209.10652},
      archivePrefix={arXiv},
      primaryClass={cs.LG}
}
